@incollection{Yu13,
  title       = {\href{https://cs.uwaterloo.ca/~y328yu/mypapers/nips13a.pdf}{On Decomposing the Proximal Map}},
  author      = {Yaoliang Yu},
  booktitle   = {Advances in Neural Information Processing Systems ({NeurIPS})},
  year 		    = {2013},
}
  pages       = {}, % if known
